<record>
<leader>00606ncm a22001933i 4500</leader>
<controlfield tag="006">m|||||o||d||||||||</controlfield>
<controlfield tag="007">cr#|||||||||||</controlfield>
<controlfield tag="008">160105s####    nz uul# o      n    und  </controlfield>
<datafield tag="040" ind1=" " ind2=" ">
    <subfield code="a">Nz</subfield>
    <subfield code="b">eng</subfield>
    <subfield code="c">Nz</subfield>
</datafield>
<datafield tag="245" ind1="0" ind2="0">
    <subfield code="a">@title@ :</subfield>
    <subfield code="b">@subtitle@ /</subfield>
    <subfield code="c">.</subfield>
</datafield>
<datafield tag="250" ind1=" " ind2=" ">
    <subfield code="a">Revyear.</subfield>
</datafield>
<datafield tag="264" ind1=" " ind2="1">
     <subfield code="a">[Wellington] :</subfield>
     <subfield code="b">SOUNZ, Centre for New  Zealand Music = Toi te Arapūoru</subfield>
     <subfield code="c">&lt;date&gt;.</subfield>
<datafield tag="300" ind1=" " ind2=" ">
     <subfield code="a">1 online resource</subfield>
</datafield>
<datafield tag="588" ind1=" " ind2=" "><subfield code="a">Record automatically derived from PDF content.</subfield><subfield code="5">Nz</subfield>
</datafield>
<datafield tag="590" ind1=" " ind2=" ">
<subfield code="a">Music score short record.</subfield>
</datafield>
<datafield tag="856" ind1="4" ind2="0">
     <subfield code="u">&lt;Add Primo Permalink&gt;</subfield>
     <subfield code="z">Archived copy available within National Library of New Zealand only</subfield>
     <subfield code="x"> Limited On Site Access</subfield>
</datafield>
</record>
